
@article{valente_effects_2014,
	title = {The effects of island ontogeny on species diversity and phylogeny},
	volume = {281},
	issn = {0962-8452, 1471-2954},
	url = {https://royalsocietypublishing.org/doi/10.1098/rspb.2013.3227},
	doi = {10.1098/rspb.2013.3227},
	abstract = {A major goal of island biogeography is to understand how island communities are assembled over time. However, we know little about the influence of variable area and ecological opportunity on island biotas over geological timescales. Islands have limited life spans, and it has been posited that insular diversity patterns should rise and fall with an island's ontogeny. The potential of phylogenies to inform us of island ontogenetic stage remains unclear, as we lack a phylogenetic framework that focuses on islands rather than clades. Here, we present a parsimonious island-centric model that integrates phylogeny and ontogeny into island biogeography and can incorporate a negative feedback of diversity on species origination. This framework allows us to generate predictions about species richness and phylogenies on islands of different ages. We find that peak richness lags behind peak island area, and that endemic species age increases with island age on volcanic islands. When diversity negatively affects rates of immigration and cladogenesis, our model predicts speciation slowdowns on old islands. Importantly, we find that branching times of
              in situ
              radiations can be informative of an island's ontogenetic stage. This novel framework provides a quantitative means of uncovering processes responsible for island biogeography patterns using phylogenies.},
	language = {en},
	number = {1784},
	urldate = {2021-07-22},
	journal = {Proceedings of the Royal Society B: Biological Sciences},
	author = {Valente, Luis and Etienne, Rampal S. and Phillimore, Albert B.},
	month = jun,
	year = {2014},
	pages = {20133227},
}

@article{valente_equilibrium_2015,
	title = {Equilibrium and non‐equilibrium dynamics simultaneously operate in the {Galápagos} islands},
	volume = {18},
	issn = {1461-023X, 1461-0248},
	url = {https://onlinelibrary.wiley.com/doi/10.1111/ele.12461},
	doi = {10.1111/ele.12461},
	language = {en},
	number = {8},
	urldate = {2021-07-22},
	journal = {Ecology Letters},
	author = {Valente, Luis and Phillimore, Albert B. and Etienne, Rampal S.},
	editor = {Harmon, Luke},
	month = aug,
	year = {2015},
	pages = {844--852},
}

@book{macarthur_theory_1967,
	address = {Princeton},
	title = {The theory of island biogeography},
	isbn = {978-0-691-08836-5},
	publisher = {Princeton University Press},
	author = {MacArthur, Robert H. and Wilson, Edward O.},
	year = {1967},
	keywords = {Biogeography, Island ecology},
}

@article{macarthur_equilibrium_1963,
	title = {An {Equilibrium} {Theory} of {Insular} {Zoogeography}},
	volume = {17},
	issn = {00143820},
	url = {https://www.jstor.org/stable/2407089?origin=crossref},
	doi = {10.2307/2407089},
	number = {4},
	urldate = {2021-07-22},
	journal = {Evolution},
	author = {MacArthur, Robert H. and Wilson, Edward O.},
	month = dec,
	year = {1963},
	pages = {373},
}

@article{barajasbarbosa_environmental_2020,
	title = {Environmental heterogeneity dynamics drive plant diversity on oceanic islands},
	volume = {47},
	issn = {0305-0270, 1365-2699},
	url = {https://onlinelibrary.wiley.com/doi/10.1111/jbi.13925},
	doi = {10.1111/jbi.13925},
	language = {en},
	number = {10},
	urldate = {2021-07-22},
	journal = {Journal of Biogeography},
	author = {Barajas‐Barbosa, Martha Paola and Weigelt, Patrick and Borregaard, Michael Krabbe and Keppel, Gunnar and Kreft, Holger},
	month = oct,
	year = {2020},
	pages = {2248--2260},
}

@incollection{massol_island_2017,
	title = {Island {Biogeography} of {Food} {Webs}},
	volume = {56},
	isbn = {978-0-12-804338-7},
	url = {https://linkinghub.elsevier.com/retrieve/pii/S0065250416300538},
	language = {en},
	urldate = {2021-07-22},
	booktitle = {Advances in {Ecological} {Research}},
	publisher = {Elsevier},
	author = {Massol, F. and Dubart, M. and Calcagno, V. and Cazelles, K. and Jacquet, C. and Kéfi, S. and Gravel, D.},
	year = {2017},
	doi = {10.1016/bs.aecr.2016.10.004},
	pages = {183--262},
}

@article{bruno_topological_1999,
	title = {Topological bias and inconsistency of maximum likelihood using wrong models},
	volume = {16},
	issn = {0737-4038, 1537-1719},
	url = {https://academic.oup.com/mbe/article-lookup/doi/10.1093/oxfordjournals.molbev.a026137},
	doi = {10.1093/oxfordjournals.molbev.a026137},
	language = {en},
	number = {4},
	urldate = {2021-07-22},
	journal = {Molecular Biology and Evolution},
	author = {Bruno, W. J. and Halpern, A. L.},
	month = apr,
	year = {1999},
	pages = {564--566},
}

@article{yang_how_1997,
	title = {How often do wrong models produce better phylogenies?},
	volume = {14},
	issn = {0737-4038, 1537-1719},
	url = {https://academic.oup.com/mbe/article-lookup/doi/10.1093/oxfordjournals.molbev.a025695},
	doi = {10.1093/oxfordjournals.molbev.a025695},
	language = {en},
	number = {1},
	urldate = {2021-07-22},
	journal = {Molecular Biology and Evolution},
	author = {Yang, Z.},
	month = jan,
	year = {1997},
	pages = {105--108},
}

@article{bilderbeek_quantifying_2021,
	title = {Quantifying the impact of an inference model in {Bayesian} phylogenetics},
	volume = {12},
	issn = {2041-210X, 2041-210X},
	url = {https://onlinelibrary.wiley.com/doi/10.1111/2041-210X.13514},
	doi = {10.1111/2041-210X.13514},
	language = {en},
	number = {2},
	urldate = {2021-07-22},
	journal = {Methods in Ecology and Evolution},
	author = {Bilderbeek, Richèl J. C. and Laudanno, Giovanni and Etienne, Rampal S.},
	editor = {Quental, Tiago},
	month = feb,
	year = {2021},
	pages = {351--358},
}

@article{simonet_robustness_2018,
	title = {Robustness of the approximate likelihood of the protracted speciation model},
	volume = {31},
	issn = {1010061X},
	url = {https://onlinelibrary.wiley.com/doi/10.1111/jeb.13233},
	doi = {10.1111/jeb.13233},
	language = {en},
	number = {3},
	urldate = {2021-07-22},
	journal = {Journal of Evolutionary Biology},
	author = {Simonet, C. and Scherrer, R. and Rego-Costa, A. and Etienne, R. S.},
	month = mar,
	year = {2018},
	pages = {469--479},
}

@article{etienne_how_2016,
	title = {How reliably can we infer diversity‐dependent diversification from phylogenies?},
	volume = {7},
	issn = {2041-210X, 2041-210X},
	url = {https://onlinelibrary.wiley.com/doi/10.1111/2041-210X.12565},
	doi = {10.1111/2041-210X.12565},
	language = {en},
	number = {9},
	urldate = {2021-07-22},
	journal = {Methods in Ecology and Evolution},
	author = {Etienne, Rampal S. and Pigot, Alex L. and Phillimore, Albert B.},
	editor = {Jones, Kate},
	month = sep,
	year = {2016},
	pages = {1092--1099},
}

@article{rabosky_model_2015,
	title = {Model {Inadequacy} and {Mistaken} {Inferences} of {Trait}-{Dependent} {Speciation}},
	volume = {64},
	issn = {1076-836X, 1063-5157},
	url = {https://academic.oup.com/sysbio/article/64/2/340/1633695},
	doi = {10.1093/sysbio/syu131},
	language = {en},
	number = {2},
	urldate = {2021-07-22},
	journal = {Systematic Biology},
	author = {Rabosky, Daniel L. and Goldberg, Emma E.},
	month = mar,
	year = {2015},
	pages = {340--355},
}

@article{davis_exploring_2013,
	title = {Exploring power and parameter estimation of the {BiSSE} method for analyzing species diversification},
	volume = {13},
	issn = {1471-2148},
	url = {http://bmcevolbiol.biomedcentral.com/articles/10.1186/1471-2148-13-38},
	doi = {10.1186/1471-2148-13-38},
	language = {en},
	number = {1},
	urldate = {2021-07-22},
	journal = {BMC Evolutionary Biology},
	author = {Davis, Matthew P and Midford, Peter E and Maddison, Wayne},
	year = {2013},
	pages = {38},
}

@article{ali_mammalian_2010,
	title = {Mammalian biodiversity on {Madagascar} controlled by ocean currents},
	volume = {463},
	issn = {0028-0836, 1476-4687},
	url = {http://www.nature.com/articles/nature08706},
	doi = {10.1038/nature08706},
	language = {en},
	number = {7281},
	urldate = {2021-07-22},
	journal = {Nature},
	author = {Ali, Jason R. and Huber, Matthew},
	month = feb,
	year = {2010},
	pages = {653--656},
}

@article{schellart_late_2006,
	title = {A {Late} {Cretaceous} and {Cenozoic} reconstruction of the {Southwest} {Pacific} region: {Tectonics} controlled by subduction and slab rollback processes},
	volume = {76},
	issn = {00128252},
	shorttitle = {A {Late} {Cretaceous} and {Cenozoic} reconstruction of the {Southwest} {Pacific} region},
	url = {https://linkinghub.elsevier.com/retrieve/pii/S001282520600016X},
	doi = {10.1016/j.earscirev.2006.01.002},
	language = {en},
	number = {3-4},
	urldate = {2021-07-22},
	journal = {Earth-Science Reviews},
	author = {Schellart, W.P. and Lister, G.S. and Toy, V.G.},
	month = jun,
	year = {2006},
	pages = {191--233},
}

@article{halley_neutral_2011,
	title = {Neutral theory as a predictor of avifaunal extinctions after habitat loss},
	volume = {108},
	issn = {0027-8424, 1091-6490},
	url = {http://www.pnas.org/cgi/doi/10.1073/pnas.1011217108},
	doi = {10.1073/pnas.1011217108},
	language = {en},
	number = {6},
	urldate = {2021-07-22},
	journal = {Proceedings of the National Academy of Sciences},
	author = {Halley, J. M. and Iwasa, Y.},
	month = feb,
	year = {2011},
	pages = {2316--2321},
}

@article{halley_dynamics_2016,
	title = {Dynamics of extinction debt across five taxonomic groups},
	volume = {7},
	issn = {2041-1723},
	url = {http://www.nature.com/articles/ncomms12283},
	doi = {10.1038/ncomms12283},
	language = {en},
	number = {1},
	urldate = {2021-07-22},
	journal = {Nature Communications},
	author = {Halley, John M. and Monokrousos, Nikolaos and Mazaris, Antonios D. and Newmark, William D. and Vokou, Despoina},
	month = nov,
	year = {2016},
	pages = {12283},
}

@article{plotkin_predicting_2000,
	title = {Predicting species diversity in tropical forests},
	volume = {97},
	issn = {0027-8424, 1091-6490},
	url = {http://www.pnas.org/cgi/doi/10.1073/pnas.97.20.10850},
	doi = {10.1073/pnas.97.20.10850},
	language = {en},
	number = {20},
	urldate = {2021-07-22},
	journal = {Proceedings of the National Academy of Sciences},
	author = {Plotkin, J. B. and Potts, M. D. and Yu, D. W. and Bunyavejchewin, S. and Condit, R. and Foster, R. and Hubbell, S. and LaFrankie, J. and Manokaran, N. and Lee, H.-S. and Sukumar, R. and Nowak, M. A. and Ashton, P. S.},
	month = sep,
	year = {2000},
	pages = {10850--10854},
}

@article{dengler_which_2009,
	title = {Which function describes the species-area relationship best? {A} review and empirical evaluation},
	volume = {36},
	issn = {03050270, 13652699},
	shorttitle = {Which function describes the species-area relationship best?},
	url = {https://onlinelibrary.wiley.com/doi/10.1111/j.1365-2699.2008.02038.x},
	doi = {10.1111/j.1365-2699.2008.02038.x},
	language = {en},
	number = {4},
	urldate = {2021-07-22},
	journal = {Journal of Biogeography},
	author = {Dengler, Jürgen},
	month = apr,
	year = {2009},
	pages = {728--744},
}

@article{valente_recent_2017,
	title = {Recent extinctions disturb path to equilibrium diversity in {Caribbean} bats},
	volume = {1},
	issn = {2397-334X},
	url = {http://www.nature.com/articles/s41559-016-0026},
	doi = {10.1038/s41559-016-0026},
	language = {en},
	number = {2},
	urldate = {2021-07-22},
	journal = {Nature Ecology \& Evolution},
	author = {Valente, Luis and Etienne, Rampal S. and Dávalos, Liliana M.},
	month = feb,
	year = {2017},
	pages = {0026},
}

@article{condamine_assessing_2019,
	title = {Assessing the causes of diversification slowdowns: temperature‐dependent and diversity‐dependent models receive equivalent support},
	volume = {22},
	issn = {1461-023X, 1461-0248},
	shorttitle = {Assessing the causes of diversification slowdowns},
	url = {https://onlinelibrary.wiley.com/doi/10.1111/ele.13382},
	doi = {10.1111/ele.13382},
	language = {en},
	number = {11},
	urldate = {2021-07-22},
	journal = {Ecology Letters},
	author = {Condamine, Fabien L. and Rolland, Jonathan and Morlon, Hélène},
	editor = {Etienne, Rampal},
	month = nov,
	year = {2019},
	pages = {1900--1912},
}

@article{fernandez-palacios_reconstruction_2011,
	title = {A reconstruction of {Palaeo}-{Macaronesia}, with particular reference to the long-term biogeography of the {Atlantic} island laurel forests: {Palaeo}-{Macaronesia} and the {Atlantic} island laurel forests},
	volume = {38},
	issn = {03050270},
	shorttitle = {A reconstruction of {Palaeo}-{Macaronesia}, with particular reference to the long-term biogeography of the {Atlantic} island laurel forests},
	url = {https://onlinelibrary.wiley.com/doi/10.1111/j.1365-2699.2010.02427.x},
	doi = {10.1111/j.1365-2699.2010.02427.x},
	language = {en},
	number = {2},
	urldate = {2021-07-22},
	journal = {Journal of Biogeography},
	author = {Fernández-Palacios, José María and de Nascimento, Lea and Otto, Rüdiger and Delgado, Juan D. and García-del-Rey, Eduardo and Arévalo, José Ramón and Whittaker, Robert J.},
	month = feb,
	year = {2011},
	pages = {226--246},
}

@article{burin_how_2019,
	title = {How {Well} {Can} {We} {Estimate} {Diversity} {Dynamics} for {Clades} in {Diversity} {Decline}?},
	volume = {68},
	issn = {1063-5157, 1076-836X},
	url = {https://academic.oup.com/sysbio/article/68/1/47/4996309},
	doi = {10.1093/sysbio/syy037},
	language = {en},
	number = {1},
	urldate = {2021-07-22},
	journal = {Systematic Biology},
	author = {Burin, Gustavo and Alencar, Laura R V and Chang, Jonathan and Alfaro, Michael E and Quental, Tiago B},
	editor = {Antonelli, Alexandre},
	month = jan,
	year = {2019},
	pages = {47--62},
}

@article{janzen_approximate_2015,
	title = {Approximate {Bayesian} {Computation} of diversification rates from molecular phylogenies: introducing a new efficient summary statistic, the {\textless}span style="font-variant:small-caps;"{\textgreater}{nLTT}{\textless}/span{\textgreater}},
	volume = {6},
	issn = {2041-210X, 2041-210X},
	shorttitle = {Approximate {Bayesian} {Computation} of diversification rates from molecular phylogenies},
	url = {https://onlinelibrary.wiley.com/doi/10.1111/2041-210X.12350},
	doi = {10.1111/2041-210X.12350},
	language = {en},
	number = {5},
	urldate = {2021-07-22},
	journal = {Methods in Ecology and Evolution},
	author = {Janzen, Thijs and Höhna, Sebastian and Etienne, Rampal S.},
	editor = {Paradis, Emmanuel},
	month = may,
	year = {2015},
	pages = {566--575},
}

@article{brown_turnover_1977,
	title = {Turnover {Rates} in {Insular} {Biogeography}: {Effect} of {Immigration} on {Extinction}},
	volume = {58},
	issn = {00129658},
	shorttitle = {Turnover {Rates} in {Insular} {Biogeography}},
	url = {http://doi.wiley.com/10.2307/1935620},
	doi = {10.2307/1935620},
	language = {en},
	number = {2},
	urldate = {2021-07-22},
	journal = {Ecology},
	author = {Brown, James H. and Kodric-Brown, Astrid},
	month = mar,
	year = {1977},
	pages = {445--449},
}

@article{allen_efficient_2009,
	title = {An efficient method for stochastic simulation of biological populations in continuous time},
	volume = {98},
	issn = {03032647},
	url = {https://linkinghub.elsevier.com/retrieve/pii/S0303264709001130},
	doi = {10.1016/j.biosystems.2009.07.003},
	language = {en},
	number = {1},
	urldate = {2021-07-22},
	journal = {Biosystems},
	author = {Allen, George Edward and Dytham, Calvin},
	month = oct,
	year = {2009},
	pages = {37--42},
}

@article{gillespie_general_1976,
	title = {A general method for numerically simulating the stochastic time evolution of coupled chemical reactions},
	volume = {22},
	issn = {00219991},
	url = {https://linkinghub.elsevier.com/retrieve/pii/0021999176900413},
	doi = {10.1016/0021-9991(76)90041-3},
	language = {en},
	number = {4},
	urldate = {2021-07-22},
	journal = {Journal of Computational Physics},
	author = {Gillespie, Daniel T},
	month = dec,
	year = {1976},
	pages = {403--434},
}

@article{hauffe_lake_2020,
	title = {Lake expansion elevates equilibrium diversity via increasing colonization},
	volume = {47},
	issn = {0305-0270, 1365-2699},
	url = {https://onlinelibrary.wiley.com/doi/10.1111/jbi.13914},
	doi = {10.1111/jbi.13914},
	language = {en},
	number = {9},
	urldate = {2021-07-22},
	journal = {Journal of Biogeography},
	author = {Hauffe, Torsten and Delicado, Diana and Etienne, Rampal S. and Valente, Luis},
	month = sep,
	year = {2020},
	pages = {1849--1860},
}

@article{valente_deep_2019,
	title = {Deep {Macroevolutionary} {Impact} of {Humans} on {New} {Zealand}’s {Unique} {Avifauna}},
	volume = {29},
	issn = {09609822},
	url = {https://linkinghub.elsevier.com/retrieve/pii/S0960982219307857},
	doi = {10.1016/j.cub.2019.06.058},
	language = {en},
	number = {15},
	urldate = {2021-07-22},
	journal = {Current Biology},
	author = {Valente, Luis and Etienne, Rampal S. and Garcia-R., Juan C.},
	month = aug,
	year = {2019},
	pages = {2563--2569.e4},
}

@article{hohna_tess_2016,
	title = {{TESS}: an {R} package for efficiently simulating phylogenetic trees and performing {Bayesian} inference of lineage diversification rates},
	volume = {32},
	issn = {1367-4803, 1460-2059},
	shorttitle = {{TESS}},
	url = {https://academic.oup.com/bioinformatics/article-lookup/doi/10.1093/bioinformatics/btv651},
	doi = {10.1093/bioinformatics/btv651},
	language = {en},
	number = {5},
	urldate = {2021-07-22},
	journal = {Bioinformatics},
	author = {Höhna, Sebastian and May, Michael R. and Moore, Brian R.},
	month = mar,
	year = {2016},
	pages = {789--791},
}

@article{stadler_mammalian_2011,
	title = {Mammalian phylogeny reveals recent diversification rate shifts},
	volume = {108},
	issn = {0027-8424, 1091-6490},
	url = {http://www.pnas.org/cgi/doi/10.1073/pnas.1016876108},
	doi = {10.1073/pnas.1016876108},
	language = {en},
	number = {15},
	urldate = {2021-07-22},
	journal = {Proceedings of the National Academy of Sciences},
	author = {Stadler, T.},
	month = apr,
	year = {2011},
	pages = {6187--6192},
}

@article{rabosky_likelihood_2006,
	title = {{LIKELIHOOD} {METHODS} {FOR} {DETECTING} {TEMPORAL} {SHIFTS} {IN} {DIVERSIFICATION} {RATES}},
	volume = {60},
	issn = {0014-3820, 1558-5646},
	url = {https://onlinelibrary.wiley.com/doi/10.1111/j.0014-3820.2006.tb01194.x},
	doi = {10.1111/j.0014-3820.2006.tb01194.x},
	language = {en},
	number = {6},
	urldate = {2021-07-22},
	journal = {Evolution},
	author = {Rabosky, Daniel L.},
	month = jun,
	year = {2006},
	pages = {1152--1164},
}

@article{bintanja_modelled_2005,
	title = {Modelled atmospheric temperatures and global sea levels over the past million years},
	volume = {437},
	issn = {0028-0836, 1476-4687},
	url = {http://www.nature.com/articles/nature03975},
	doi = {10.1038/nature03975},
	language = {en},
	number = {7055},
	urldate = {2021-07-22},
	journal = {Nature},
	author = {Bintanja, Richard and van de Wal, Roderik S.W. and Oerlemans, Johannes},
	month = sep,
	year = {2005},
	pages = {125--128},
}

@article{miller_phanerozoic_2005,
	title = {The {Phanerozoic} {Record} of {Global} {Sea}-{Level} {Change}},
	volume = {310},
	issn = {0036-8075, 1095-9203},
	url = {https://www.sciencemag.org/lookup/doi/10.1126/science.1116412},
	doi = {10.1126/science.1116412},
	language = {en},
	number = {5752},
	urldate = {2021-07-22},
	journal = {Science},
	author = {Miller, K. G.},
	month = nov,
	year = {2005},
	pages = {1293--1298},
}

@article{etienne_diversity-dependence_2012,
	title = {Diversity-dependence brings molecular phylogenies closer to agreement with the fossil record},
	volume = {279},
	issn = {0962-8452, 1471-2954},
	url = {https://royalsocietypublishing.org/doi/10.1098/rspb.2011.1439},
	doi = {10.1098/rspb.2011.1439},
	abstract = {The branching times of molecular phylogenies allow us to infer speciation and extinction dynamics even when fossils are absent. Troublingly, phylogenetic approaches usually return estimates of zero extinction, conflicting with fossil evidence. Phylogenies and fossils do agree, however, that there are often limits to diversity. Here, we present a general approach to evaluate the likelihood of a phylogeny under a model that accommodates diversity-dependence and extinction. We find, by likelihood maximization, that extinction is estimated most precisely if the rate of increase in the number of lineages in the phylogeny saturates towards the present or first decreases and then increases. We demonstrate the utility and limits of our approach by applying it to the phylogenies for two cases where a fossil record exists (Cetacea and Cenozoic macroperforate planktonic foraminifera) and to three radiations lacking fossil evidence (
              Dendroica
              ,
              Plethodon
              and
              Heliconius
              ). We propose that the diversity-dependence model with extinction be used as the standard model for macro-evolutionary dynamics because of its biological realism and flexibility.},
	language = {en},
	number = {1732},
	urldate = {2021-07-22},
	journal = {Proceedings of the Royal Society B: Biological Sciences},
	author = {Etienne, Rampal S. and Haegeman, Bart and Stadler, Tanja and Aze, Tracy and Pearson, Paul N. and Purvis, Andy and Phillimore, Albert B.},
	month = apr,
	year = {2012},
	pages = {1300--1309},
}

@article{pennell_model_2015,
	title = {Model {Adequacy} and the {Macroevolution} of {Angiosperm} {Functional} {Traits}},
	volume = {186},
	issn = {0003-0147, 1537-5323},
	url = {https://www.journals.uchicago.edu/doi/10.1086/682022},
	doi = {10.1086/682022},
	language = {en},
	number = {2},
	urldate = {2021-07-22},
	journal = {The American Naturalist},
	author = {Pennell, Matthew W. and FitzJohn, Richard G. and Cornwell, William K. and Harmon, Luke J.},
	month = aug,
	year = {2015},
	pages = {E33--E50},
}

@article{bollback_bayesian_2002,
	title = {Bayesian {Model} {Adequacy} and {Choice} in {Phylogenetics}},
	volume = {19},
	issn = {1537-1719, 0737-4038},
	url = {http://academic.oup.com/mbe/article/19/7/1171/1068634},
	doi = {10.1093/oxfordjournals.molbev.a004175},
	language = {en},
	number = {7},
	urldate = {2021-07-22},
	journal = {Molecular Biology and Evolution},
	author = {Bollback, Jonathan P.},
	month = jul,
	year = {2002},
	pages = {1171--1180},
}

@article{hartmann_sampling_2010,
	title = {Sampling {Trees} from {Evolutionary} {Models}},
	volume = {59},
	issn = {1076-836X, 1063-5157},
	url = {https://academic.oup.com/sysbio/article/59/4/465/1661436},
	doi = {10.1093/sysbio/syq026},
	language = {en},
	number = {4},
	urldate = {2021-07-22},
	journal = {Systematic Biology},
	author = {Hartmann, Klaas and Wong, Dennis and Stadler, Tanja},
	month = jul,
	year = {2010},
	pages = {465--476},
}

@article{huelsenbeck_performance_1995,
	title = {Performance of {Phylogenetic} {Methods} in {Simulation}},
	volume = {44},
	issn = {10635157},
	url = {https://www.jstor.org/stable/2413481?origin=crossref},
	doi = {10.2307/2413481},
	number = {1},
	urldate = {2021-07-22},
	journal = {Systematic Biology},
	author = {Huelsenbeck, John P.},
	month = mar,
	year = {1995},
	pages = {17},
}

@article{boneau_effects_1960,
	title = {The effects of violations of assumptions underlying the t test.},
	volume = {57},
	issn = {0033-2909},
	url = {http://content.apa.org/journals/bul/57/1/49},
	doi = {10.1037/h0041412},
	language = {en},
	number = {1},
	urldate = {2021-07-22},
	journal = {Psychological Bulletin},
	author = {Boneau, C. Alan},
	year = {1960},
	pages = {49--64},
}

@book{burnham_model_2004,
	address = {New York, NY},
	title = {Model {Selection} and {Multimodel} {Inference}},
	isbn = {978-0-387-95364-9},
	url = {http://link.springer.com/10.1007/b97636},
	language = {en},
	urldate = {2021-07-22},
	publisher = {Springer New York},
	editor = {Burnham, Kenneth P. and Anderson, David R.},
	year = {2004},
	doi = {10.1007/b97636},
}

@article{grimm_robustness_2016,
	title = {Robustness analysis: {Deconstructing} computational models for ecological theory and applications},
	volume = {326},
	issn = {03043800},
	shorttitle = {Robustness analysis},
	url = {https://linkinghub.elsevier.com/retrieve/pii/S0304380015003245},
	doi = {10.1016/j.ecolmodel.2015.07.018},
	language = {en},
	urldate = {2021-07-22},
	journal = {Ecological Modelling},
	author = {Grimm, Volker and Berger, Uta},
	month = apr,
	year = {2016},
	pages = {162--167},
}

@article{weisberg_robustness_2006,
	title = {Robustness {Analysis}},
	volume = {73},
	issn = {0031-8248, 1539-767X},
	url = {https://www.journals.uchicago.edu/doi/10.1086/518628},
	doi = {10.1086/518628},
	language = {en},
	number = {5},
	urldate = {2021-07-22},
	journal = {Philosophy of Science},
	author = {Weisberg, Michael},
	month = dec,
	year = {2006},
	pages = {730--742},
}

@article{valente_using_2018,
	title = {Using molecular phylogenies in island biogeography: it's about time},
	volume = {41},
	issn = {09067590},
	shorttitle = {Using molecular phylogenies in island biogeography},
	url = {https://onlinelibrary.wiley.com/doi/10.1111/ecog.03503},
	doi = {10.1111/ecog.03503},
	language = {en},
	number = {10},
	urldate = {2021-07-22},
	journal = {Ecography},
	author = {Valente, Luis and Phillimore, Albert B. and Etienne, Rampal S.},
	month = oct,
	year = {2018},
	pages = {1684--1686},
}

@article{leidinger_biodiversity_2017,
	title = {Biodiversity {Dynamics} on {Islands}: {Explicitly} {Accounting} for {Causality} in {Mechanistic} {Models}},
	volume = {9},
	issn = {1424-2818},
	shorttitle = {Biodiversity {Dynamics} on {Islands}},
	url = {http://www.mdpi.com/1424-2818/9/3/30},
	doi = {10.3390/d9030030},
	language = {en},
	number = {3},
	urldate = {2021-07-22},
	journal = {Diversity},
	author = {Leidinger, Ludwig and Cabral, Juliano},
	month = aug,
	year = {2017},
	pages = {30},
}

@article{rosindell_unified_2013,
	title = {A unified model of species immigration, extinction and abundance on islands},
	volume = {40},
	issn = {03050270},
	url = {https://onlinelibrary.wiley.com/doi/10.1111/jbi.12064},
	doi = {10.1111/jbi.12064},
	language = {en},
	number = {6},
	urldate = {2021-07-22},
	journal = {Journal of Biogeography},
	author = {Rosindell, James and Harmon, Luke J.},
	editor = {Burns, K. C.},
	month = jun,
	year = {2013},
	pages = {1107--1118},
}

@article{borregaard_general_2016,
	title = {The general dynamic model: towards a unified theory of island biogeography?},
	volume = {25},
	issn = {1466-822X, 1466-8238},
	shorttitle = {The general dynamic model},
	url = {https://onlinelibrary.wiley.com/doi/10.1111/geb.12348},
	doi = {10.1111/geb.12348},
	language = {en},
	number = {7},
	urldate = {2021-07-22},
	journal = {Global Ecology and Biogeography},
	author = {Borregaard, Michael K. and Matthews, Thomas J. and Whittaker, Robert J. and Field, Richard},
	month = jul,
	year = {2016},
	pages = {805--816},
}

@article{damgaard_critique_2019,
	title = {A {Critique} of the {Space}-for-{Time} {Substitution} {Practice} in {Community} {Ecology}},
	volume = {34},
	issn = {01695347},
	url = {https://linkinghub.elsevier.com/retrieve/pii/S016953471930028X},
	doi = {10.1016/j.tree.2019.01.013},
	language = {en},
	number = {5},
	urldate = {2021-07-22},
	journal = {Trends in Ecology \& Evolution},
	author = {Damgaard, Christian},
	month = may,
	year = {2019},
	pages = {416--421},
}

@article{he_speciesarea_2011,
	title = {Species–area relationships always overestimate extinction rates from habitat loss},
	volume = {473},
	issn = {0028-0836, 1476-4687},
	url = {http://www.nature.com/articles/nature09985},
	doi = {10.1038/nature09985},
	language = {en},
	number = {7347},
	urldate = {2021-07-22},
	journal = {Nature},
	author = {He, Fangliang and Hubbell, Stephen P.},
	month = may,
	year = {2011},
	pages = {368--371},
}

@article{kuussaari_extinction_2009,
	title = {Extinction debt: a challenge for biodiversity conservation},
	volume = {24},
	issn = {01695347},
	shorttitle = {Extinction debt},
	url = {https://linkinghub.elsevier.com/retrieve/pii/S0169534709001918},
	doi = {10.1016/j.tree.2009.04.011},
	language = {en},
	number = {10},
	urldate = {2021-07-22},
	journal = {Trends in Ecology \& Evolution},
	author = {Kuussaari, Mikko and Bommarco, Riccardo and Heikkinen, Risto K. and Helm, Aveliina and Krauss, Jochen and Lindborg, Regina and Öckinger, Erik and Pärtel, Meelis and Pino, Joan and Rodà, Ferran and Stefanescu, Constantí and Teder, Tiit and Zobel, Martin and Steffan-Dewenter, Ingolf},
	month = oct,
	year = {2009},
	pages = {564--571},
}

@article{tilman_habitat_1994,
	title = {Habitat destruction and the extinction debt},
	volume = {371},
	issn = {0028-0836, 1476-4687},
	url = {http://www.nature.com/articles/371065a0},
	doi = {10.1038/371065a0},
	language = {en},
	number = {6492},
	urldate = {2021-07-22},
	journal = {Nature},
	author = {Tilman, David and May, Robert M. and Lehman, Clarence L. and Nowak, Martin A.},
	month = sep,
	year = {1994},
	pages = {65--66},
}

@article{wilcox_supersaturated_1978,
	title = {Supersaturated {Island} {Faunas}: {A} {Species}-{Age} {Relationship} for {Lizards} on {Post}-{Pleistocene} {Land}-{Bridge} {Islands}},
	volume = {199},
	issn = {0036-8075, 1095-9203},
	shorttitle = {Supersaturated {Island} {Faunas}},
	url = {https://www.sciencemag.org/lookup/doi/10.1126/science.199.4332.996},
	doi = {10.1126/science.199.4332.996},
	language = {en},
	number = {4332},
	urldate = {2021-07-22},
	journal = {Science},
	author = {Wilcox, B. A.},
	month = mar,
	year = {1978},
	pages = {996--998},
}

@article{diamond_biogeographic_1972,
	title = {Biogeographic {Kinetics}: {Estimation} of {Relaxation} {Times} for {Avifaunas} of {Southwest} {Pacific} {Islands}},
	volume = {69},
	issn = {0027-8424, 1091-6490},
	shorttitle = {Biogeographic {Kinetics}},
	url = {http://www.pnas.org/cgi/doi/10.1073/pnas.69.11.3199},
	doi = {10.1073/pnas.69.11.3199},
	language = {en},
	number = {11},
	urldate = {2021-07-22},
	journal = {Proceedings of the National Academy of Sciences},
	author = {Diamond, J. M.},
	month = nov,
	year = {1972},
	pages = {3199--3203},
}

@article{ali_mammals_2019,
	title = {Mammals and long‐distance over‐water colonization: {The} case for rafting dispersal; the case against phantom causeways},
	volume = {46},
	issn = {0305-0270, 1365-2699},
	shorttitle = {Mammals and long‐distance over‐water colonization},
	url = {https://onlinelibrary.wiley.com/doi/10.1111/jbi.13659},
	doi = {10.1111/jbi.13659},
	language = {en},
	number = {11},
	urldate = {2021-07-22},
	journal = {Journal of Biogeography},
	author = {Ali, Jason R. and Vences, Miguel},
	month = nov,
	year = {2019},
	pages = {2632--2636},
}

@article{losos_adaptation_2009,
	title = {Adaptation and diversification on islands},
	volume = {457},
	issn = {0028-0836, 1476-4687},
	url = {http://www.nature.com/articles/nature07893},
	doi = {10.1038/nature07893},
	language = {en},
	number = {7231},
	urldate = {2021-07-22},
	journal = {Nature},
	author = {Losos, Jonathan B. and Ricklefs, Robert E.},
	month = feb,
	year = {2009},
	pages = {830--836},
}

@article{meiri_oceanic_2017,
	title = {Oceanic island biogeography: {Nomothetic} science of the anecdotal},
	volume = {9},
	issn = {1948-6596},
	shorttitle = {Oceanic island biogeography},
	url = {http://www.escholarship.org/uc/item/3q94f5z6},
	doi = {10.21425/F59132081},
	number = {1},
	urldate = {2021-07-22},
	journal = {Frontiers of Biogeography},
	author = {Meiri, Shai},
	month = apr,
	year = {2017},
}

@article{norder_beyond_2019,
	title = {Beyond the {Last} {Glacial} {Maximum}: {Island} endemism is best explained by long-lasting archipelago configurations},
	volume = {28},
	issn = {1466822X},
	shorttitle = {Beyond the {Last} {Glacial} {Maximum}},
	url = {https://onlinelibrary.wiley.com/doi/10.1111/geb.12835},
	doi = {10.1111/geb.12835},
	language = {en},
	number = {2},
	urldate = {2021-07-22},
	journal = {Global Ecology and Biogeography},
	author = {Norder, Sietze J. and Proios, Konstantinos and Whittaker, Robert J. and Alonso, María R. and Borges, Paulo A. V. and Borregaard, Michael K. and Cowie, Robert H. and Florens, F. B. Vincent and de Frias Martins, António M. and Ibáñez, Miguel and Kissling, W. Daniel and de Nascimento, Lea and Otto, Rüdiger and Parent, Christine E. and Rigal, François and Warren, Ben H. and Fernández-Palacios, José María and van Loon, E. Emiel and Triantis, Kostas A. and Rijsdijk, Kenneth F.},
	editor = {Pither, Jason},
	month = jan,
	year = {2019},
	pages = {184--197},
}

@article{weigelt_late_2016,
	title = {Late {Quaternary} climate change shapes island biodiversity},
	volume = {532},
	issn = {0028-0836, 1476-4687},
	url = {http://www.nature.com/articles/nature17443},
	doi = {10.1038/nature17443},
	language = {en},
	number = {7597},
	urldate = {2021-07-22},
	journal = {Nature},
	author = {Weigelt, Patrick and Steinbauer, Manuel Jonas and Cabral, Juliano Sarmento and Kreft, Holger},
	month = apr,
	year = {2016},
	pages = {99--102},
}

@article{hammoud_past_2021,
	title = {Past connections with the mainland structure patterns of insular species richness in a continental‐shelf archipelago ({Aegean} {Sea}, {Greece})},
	volume = {11},
	issn = {2045-7758, 2045-7758},
	url = {https://onlinelibrary.wiley.com/doi/10.1002/ece3.7438},
	doi = {10.1002/ece3.7438},
	language = {en},
	number = {10},
	urldate = {2021-07-22},
	journal = {Ecology and Evolution},
	author = {Hammoud, Cyril and Kougioumoutzis, Konstantinos and Rijsdijk, Kenneth F. and Simaiakis, Stylianos M. and Norder, Sietze J. and Foufopoulos, Johannes and Georgopoulou, Elisavet and Loon, Emiel E.},
	month = may,
	year = {2021},
	pages = {5441--5458},
}

@article{ali_exploring_2014,
	title = {Exploring the combined role of eustasy and oceanic island thermal subsidence in shaping biodiversity on the {Galápagos}},
	volume = {41},
	issn = {03050270},
	url = {https://onlinelibrary.wiley.com/doi/10.1111/jbi.12313},
	doi = {10.1111/jbi.12313},
	language = {en},
	number = {7},
	urldate = {2021-07-22},
	journal = {Journal of Biogeography},
	author = {Ali, Jason R. and Aitchison, Jonathan C.},
	editor = {Fernández-Palacios, José María},
	month = jul,
	year = {2014},
	pages = {1227--1241},
}

@article{ramalho_coastal_2013,
	title = {Coastal evolution on volcanic oceanic islands: {A} complex interplay between volcanism, erosion, sedimentation, sea-level change and biogenic production},
	volume = {127},
	issn = {00128252},
	shorttitle = {Coastal evolution on volcanic oceanic islands},
	url = {https://linkinghub.elsevier.com/retrieve/pii/S0012825213001736},
	doi = {10.1016/j.earscirev.2013.10.007},
	language = {en},
	urldate = {2021-07-22},
	journal = {Earth-Science Reviews},
	author = {Ramalho, Ricardo S. and Quartau, Rui and Trenhaile, Alan S. and Mitchell, Neil C. and Woodroffe, Colin D. and Ávila, Sérgio P.},
	month = dec,
	year = {2013},
	pages = {140--170},
}

@article{ali_islands_2018,
	title = {Islands as biological substrates: {Continental}},
	volume = {45},
	issn = {03050270},
	shorttitle = {Islands as biological substrates},
	url = {https://onlinelibrary.wiley.com/doi/10.1111/jbi.13186},
	doi = {10.1111/jbi.13186},
	language = {en},
	number = {5},
	urldate = {2021-07-22},
	journal = {Journal of Biogeography},
	author = {Ali, Jason R.},
	month = may,
	year = {2018},
	pages = {1003--1018},
}

@book{wallace_island_1880,
	address = {London,},
	title = {Island life; or, the phenomena and causes of insular faunas and floras, including a revision and attempted solution of the problem of geological climates, by {Alfred} {Russel} {Wallace}.},
	url = {http://www.biodiversitylibrary.org/bibliography/7552},
	urldate = {2021-07-22},
	publisher = {Macmillan,},
	author = {Wallace, Alfred Russel},
	year = {1880},
	doi = {10.5962/bhl.title.7552},
}

@article{ali_islands_2017,
	title = {Islands as biological substrates: classification of the biological assemblage components and the physical island types},
	volume = {44},
	issn = {03050270},
	shorttitle = {Islands as biological substrates},
	url = {https://onlinelibrary.wiley.com/doi/10.1111/jbi.12872},
	doi = {10.1111/jbi.12872},
	language = {en},
	number = {5},
	urldate = {2021-07-22},
	journal = {Journal of Biogeography},
	author = {Ali, Jason R.},
	month = may,
	year = {2017},
	pages = {984--994},
}

@article{lim_true_2017,
	title = {The true tempo of evolutionary radiation and decline revealed on the {Hawaiian} archipelago},
	volume = {543},
	issn = {0028-0836, 1476-4687},
	url = {http://www.nature.com/articles/nature21675},
	doi = {10.1038/nature21675},
	language = {en},
	number = {7647},
	urldate = {2021-07-22},
	journal = {Nature},
	author = {Lim, Jun Y. and Marshall, Charles R.},
	month = mar,
	year = {2017},
	pages = {710--713},
}

@article{rijsdijk_quantifying_2014,
	title = {Quantifying surface-area changes of volcanic islands driven by {Pleistocene} sea-level cycles: biogeographical implications for the {Macaronesian} archipelagos},
	volume = {41},
	issn = {03050270},
	shorttitle = {Quantifying surface-area changes of volcanic islands driven by {Pleistocene} sea-level cycles},
	url = {https://onlinelibrary.wiley.com/doi/10.1111/jbi.12336},
	doi = {10.1111/jbi.12336},
	language = {en},
	number = {7},
	urldate = {2021-07-22},
	journal = {Journal of Biogeography},
	author = {Rijsdijk, Kenneth F. and Hengl, Tom and Norder, Sietze J. and Otto, Rüdiger and Emerson, Brent C. and Ávila, Sérgio P. and López, Heriberto and van Loon, E. Emiel and Tjørve, Even and Fernández-Palacios, José María},
	editor = {Heaney, Lawrence},
	month = jul,
	year = {2014},
	pages = {1242--1254},
}

@article{steinbauer_re-evaluating_2013,
	title = {Re-evaluating the general dynamic theory of oceanic island biogeography},
	volume = {5},
	issn = {1948-6596},
	url = {https://escholarship.org/uc/item/3fd5j89m},
	doi = {10.21425/F5FBG19669},
	number = {3},
	urldate = {2021-07-22},
	journal = {Frontiers of Biogeography},
	author = {Steinbauer, Manuel Jonas and Dolos, Klara and Field, Richard and Reineking, Björn and Beierkuhnlein, Carl},
	month = oct,
	year = {2013},
}

@article{bunnefeld_island_2012,
	title = {Island, archipelago and taxon effects: mixed models as a means of dealing with the imperfect design of nature's experiments},
	volume = {35},
	issn = {09067590},
	shorttitle = {Island, archipelago and taxon effects},
	url = {https://onlinelibrary.wiley.com/doi/10.1111/j.1600-0587.2011.07078.x},
	doi = {10.1111/j.1600-0587.2011.07078.x},
	language = {en},
	number = {1},
	urldate = {2021-07-22},
	journal = {Ecography},
	author = {Bunnefeld, Nils and Phillimore, Albert B.},
	month = jan,
	year = {2012},
	pages = {15--22},
}

@incollection{losos_general_2009,
	title = {A {General} {Dynamic} {Theory} of {Oceanic} {Island} {Biogeography}: {Extending} the {MacArthur}- {Wilson} {Theory} to {Accommodate} the {Rise} and {Fall} of {Volcanic} {Islands}},
	isbn = {978-1-4008-3192-0},
	shorttitle = {A {General} {Dynamic} {Theory} of {Oceanic} {Island} {Biogeography}},
	url = {https://www.degruyter.com/document/doi/10.1515/9781400831920.88/html},
	urldate = {2021-07-22},
	booktitle = {The {Theory} of {Island} {Biogeography} {Revisited}},
	publisher = {Princeton University Press},
	author = {Whittaker, Robert J. and Triantis, Kostas A. and Ladle, Richard J.},
	editor = {Losos, Jonathan B. and Ricklefs, Robert E.},
	month = dec,
	year = {2009},
	doi = {10.1515/9781400831920.88},
	pages = {88--115},
}

@book{losos_theory_2009,
	title = {The {Theory} of {Island} {Biogeography} {Revisited}:},
	isbn = {978-1-4008-3192-0},
	shorttitle = {The {Theory} of {Island} {Biogeography} {Revisited}},
	url = {https://www.degruyter.com/document/doi/10.1515/9781400831920/html},
	urldate = {2021-07-22},
	publisher = {Princeton University Press},
	editor = {Losos, Jonathan B. and Ricklefs, Robert E.},
	month = dec,
	year = {2009},
	doi = {10.1515/9781400831920},
}

@article{avila_towards_2019,
	title = {Towards a ‘{Sea}‐{Level} {Sensitive}’ dynamic model: impact of island ontogeny and glacio‐eustasy on global patterns of marine island biogeography},
	volume = {94},
	issn = {1464-7931, 1469-185X},
	shorttitle = {Towards a ‘{Sea}‐{Level} {Sensitive}’ dynamic model},
	url = {https://onlinelibrary.wiley.com/doi/10.1111/brv.12492},
	doi = {10.1111/brv.12492},
	language = {en},
	number = {3},
	urldate = {2021-07-22},
	journal = {Biological Reviews},
	author = {Ávila, Sérgio P. and Melo, Carlos and Berning, Björn and Sá, Nuno and Quartau, Rui and Rijsdijk, Kenneth F. and Ramalho, Ricardo S. and Cordeiro, Ricardo and De Sá, Nuno C. and Pimentel, Adriano and Baptista, Lara and Medeiros, António and Gil, Artur and Johnson, Markes E.},
	month = jun,
	year = {2019},
	pages = {1116--1142},
}

@article{marshall_uncertain_2016,
	title = {The uncertain role of diversity dependence in species diversification and the need to incorporate time-varying carrying capacities},
	volume = {371},
	issn = {0962-8436, 1471-2970},
	url = {https://royalsocietypublishing.org/doi/10.1098/rstb.2015.0217},
	doi = {10.1098/rstb.2015.0217},
	abstract = {There is no agreement among palaeobiologists or biologists as to whether, or to what extent, there are limits on diversification and species numbers. Here, we posit that part of the disagreement stems from: (i) the lack of explicit criteria for defining the relevant species pools, which may be defined phylogenetically, ecologically or geographically; (ii) assumptions that must be made when extrapolating from population-level logistic growth to macro-evolutionary diversification; and (iii) too much emphasis being placed on fixed carrying capacities, rather than taking into account the opportunities for increased species richness on evolutionary timescales, for example, owing to increased biologically available energy, increased habitat complexity and the ability of many clades to better extract resources from the environment, or to broaden their resource base. Thus, we argue that a more effective way of assessing the evidence for and against the ideas of bound versus unbound diversification is through appropriate definition of the relevant species pools, and through explicit modelling of diversity-dependent diversification with time-varying carrying capacities. Here, we show that time-varying carrying capacities, either increases or decreases, can be accommodated through changing intrinsic diversification rates (diversity-independent effects), or changing the effects of crowding (diversity-dependent effects).},
	language = {en},
	number = {1691},
	urldate = {2021-07-22},
	journal = {Philosophical Transactions of the Royal Society B: Biological Sciences},
	author = {Marshall, Charles R. and Quental, Tiago B.},
	month = apr,
	year = {2016},
	pages = {20150217},
}

@article{fernandezpalacios_towards_2016,
	title = {Towards a glacial‐sensitive model of island biogeography},
	volume = {25},
	issn = {1466-822X, 1466-8238},
	url = {https://onlinelibrary.wiley.com/doi/10.1111/geb.12320},
	doi = {10.1111/geb.12320},
	language = {en},
	number = {7},
	urldate = {2021-07-22},
	journal = {Global Ecology and Biogeography},
	author = {Fernández‐Palacios, José María and Rijsdijk, Kenneth F. and Norder, Sietze J. and Otto, Rüdiger and Nascimento, Lea and Fernández‐Lugo, Silvia and Tjørve, Even and Whittaker, Robert J. and Santos, Ana},
	month = jul,
	year = {2016},
	pages = {817--830},
}

@article{warren_islands_2015,
	title = {Islands as model systems in ecology and evolution: prospects fifty years after {MacArthur}-{Wilson}},
	volume = {18},
	issn = {1461023X},
	shorttitle = {Islands as model systems in ecology and evolution},
	url = {https://onlinelibrary.wiley.com/doi/10.1111/ele.12398},
	doi = {10.1111/ele.12398},
	language = {en},
	number = {2},
	urldate = {2021-07-22},
	journal = {Ecology Letters},
	author = {Warren, Ben H. and Simberloff, Daniel and Ricklefs, Robert E. and Aguilée, Robin and Condamine, Fabien L. and Gravel, Dominique and Morlon, Hélène and Mouquet, Nicolas and Rosindell, James and Casquet, Juliane and Conti, Elena and Cornuault, Josselin and Fernández-Palacios, José María and Hengl, Tomislav and Norder, Sietze J. and Rijsdijk, Kenneth F. and Sanmartín, Isabel and Strasberg, Dominique and Triantis, Kostas A. and Valente, Luis M. and Whittaker, Robert J. and Gillespie, Rosemary G. and Emerson, Brent C. and Thébaud, Christophe},
	editor = {Courchamp, Franck},
	month = feb,
	year = {2015},
	pages = {200--217},
}

@article{whittaker_general_2008,
	title = {A general dynamic theory of oceanic island biogeography: {A} general dynamic theory of oceanic island biogeography},
	volume = {35},
	issn = {03050270},
	shorttitle = {{ORIGINAL} {ARTICLE}},
	url = {https://onlinelibrary.wiley.com/doi/10.1111/j.1365-2699.2008.01892.x},
	doi = {10.1111/j.1365-2699.2008.01892.x},
	language = {en},
	number = {6},
	urldate = {2021-07-22},
	journal = {Journal of Biogeography},
	author = {Whittaker, Robert J. and Triantis, Kostas A. and Ladle, Richard J.},
	month = jan,
	year = {2008},
	pages = {977--994},
}

@article{heaney_dynamic_2000,
	title = {Dynamic disequilibrium: a long-term, large-scale perspective on the equilibrium model of island biogeography: {Long}-term dynamics in island biogeography},
	volume = {9},
	issn = {1466822X},
	shorttitle = {Dynamic disequilibrium},
	url = {http://doi.wiley.com/10.1046/j.1365-2699.2000.00163.x},
	doi = {10.1046/j.1365-2699.2000.00163.x},
	language = {en},
	number = {1},
	urldate = {2021-07-22},
	journal = {Global Ecology and Biogeography},
	author = {Heaney, Lawrence R.},
	month = jan,
	year = {2000},
	pages = {59--74},
}

@article{valente_equilibrium_2017,
	title = {Equilibrium {Bird} {Species} {Diversity} in {Atlantic} {Islands}},
	volume = {27},
	issn = {09609822},
	url = {https://linkinghub.elsevier.com/retrieve/pii/S0960982217304980},
	doi = {10.1016/j.cub.2017.04.053},
	language = {en},
	number = {11},
	urldate = {2021-07-22},
	journal = {Current Biology},
	author = {Valente, Luis and Illera, Juan Carlos and Havenstein, Katja and Pallien, Tamara and Etienne, Rampal S. and Tiedemann, Ralph},
	month = jun,
	year = {2017},
	pages = {1660--1666.e5},
}

@article{simberloff_experimental_1970,
	title = {Experimental {Zoogeography} of {Islands}. {A} {Two}-{Year} {Record} of {Colonization}},
	volume = {51},
	issn = {00129658},
	url = {http://doi.wiley.com/10.2307/1933995},
	doi = {10.2307/1933995},
	language = {en},
	number = {5},
	urldate = {2021-07-22},
	journal = {Ecology},
	author = {Simberloff, Daniel S. and Wilson, Edward O.},
	month = sep,
	year = {1970},
	pages = {934--937},
}

@article{valente_simple_2020,
	title = {A simple dynamic model explains the diversity of island birds worldwide},
	volume = {579},
	issn = {0028-0836, 1476-4687},
	url = {http://www.nature.com/articles/s41586-020-2022-5},
	doi = {10.1038/s41586-020-2022-5},
	language = {en},
	number = {7797},
	urldate = {2021-07-22},
	journal = {Nature},
	author = {Valente, Luis and Phillimore, Albert B. and Melo, Martim and Warren, Ben H. and Clegg, Sonya M. and Havenstein, Katja and Tiedemann, Ralph and Illera, Juan Carlos and Thébaud, Christophe and Aschenbach, Tina and Etienne, Rampal S.},
	month = mar,
	year = {2020},
	pages = {92--96},
}

@article{rosindell_unified_2011,
	title = {A unified model of island biogeography sheds light on the zone of radiation: {A} unified model of island biogeography},
	volume = {14},
	issn = {1461023X},
	shorttitle = {A unified model of island biogeography sheds light on the zone of radiation},
	url = {https://onlinelibrary.wiley.com/doi/10.1111/j.1461-0248.2011.01617.x},
	doi = {10.1111/j.1461-0248.2011.01617.x},
	language = {en},
	number = {6},
	urldate = {2021-07-22},
	journal = {Ecology Letters},
	author = {Rosindell, James and Phillimore, Albert B.},
	month = jun,
	year = {2011},
	pages = {552--560},
}

@article{losos_analysis_2000,
	title = {Analysis of an evolutionary species–area relationship},
	volume = {408},
	issn = {0028-0836, 1476-4687},
	url = {http://www.nature.com/articles/35048558},
	doi = {10.1038/35048558},
	language = {en},
	number = {6814},
	urldate = {2021-07-22},
	journal = {Nature},
	author = {Losos, Jonathan B. and Schluter, Dolph},
	month = dec,
	year = {2000},
	pages = {847--850},
}
